@article{de2011forecasting,
  title={Forecasting time series with complex seasonal patterns using exponential smoothing},
  author={De Livera, Alysha M and Hyndman, Rob J and Snyder, Ralph D},
  journal={Journal of the American Statistical Association},
  volume={106},
  pages={1513--1527},
  year={2011},
}

@article{taylor2003short,
  title={Short-term electricity demand forecasting using double seasonal exponential smoothing},
  author={Taylor, James W},
  journal={Journal of the Operational Research Society},
  volume={54},
  pages={799--805},
  year={2003},
}

@article{taylor2010triple,
  title={Triple seasonal methods for short-term electricity demand forecasting},
  author={Taylor, James W},
  journal={European Journal of Operational Research},
  volume={204},
  pages={139--152},
  year={2010},
}

@article{gould2008forecasting,
  title={Forecasting time series with multiple seasonal patterns},
  author={Gould, Phillip G and Koehler, Anne B and Ord, J Keith and Snyder, Ralph D and Hyndman, Rob J and Vahid-Araghi, Farshid},
  journal={European Journal of Operational Research},
  volume={191},
  pages={207--222},
  year={2008},
}

@article{winters1960forecasting,
  title={Forecasting sales by exponentially weighted moving averages},
  author={Winters, Peter R},
  journal={Management Science},
  volume={6},
  pages={324--342},
  year={1960},
}


@techreport{holt1957forecasting,
  title={Forecasting Seasonals and Trends by Exponentially Weighted Moving Averages},
  author={Holt, Charles C},
  year={1957}
}

@article{hyndman2002state,
  title={A state space framework for automatic forecasting using exponential smoothing methods},
  author={Hyndman, Rob J and Koehler, Anne B and Snyder, Ralph D and Grose, Simone},
  journal={International Journal of Forecasting},
  volume={18},
  pages={439--454},
  year={2002},
}

@article{akram2009exponential,
  title={EXPONENTIAL SMOOTHING AND NON-NEGATIVE DATA},
  author={Akram, Muhammad and Hyndman, Rob J and Ord, J Keith},
  journal={Australian \& New Zealand Journal of Statistics},
  volume={51},
  number={4},
  pages={415--432},
  year={2009},
  publisher={Wiley Online Library}
}

@article{harvey1997modeling,
  title={The modeling and seasonal adjustment of weekly observations},
  author={Harvey, Andrew and Koopman, Siem Jan and Riani, Marco},
  journal={Journal of Business \& Economic Statistics},
  volume={15},
  number={3},
  pages={354--368},
  year={1997},
  publisher={Taylor \& Francis Group}
}

@article{pedregal2006modulated,
  title={Modulated cycles, an approach to modelling periodic components from rapidly sampled data},
  author={Pedregal, Diego J and Young, Peter C},
  journal={International Journal of Forecasting},
  volume={22},
  number={1},
  pages={181--194},
  year={2006},
  publisher={Elsevier}
}

@article{harvey1993forecasting,
  title={Forecasting hourly electricity demand using time-varying splines},
  author={Harvey, Andrew and Koopman, Siem Jan},
  journal={Journal of the American Statistical Association},
  volume={88},
  number={424},
  pages={1228--1236},
  year={1993},
  publisher={Taylor \& Francis Group}
}